<?xml version="1.0" encoding="UTF-8"?><collection xmlns="http://www.loc.gov/MARC21/slim"><record><leader>00443nam--2200133-i-4500</leader><controlfield tag="001">000001338</controlfield><controlfield tag="002">20161230</controlfield><controlfield tag="005">20161230201024</controlfield><controlfield tag="008">060222s1000------------r-----000-0-eng-d</controlfield><datafield ind1=" " ind2=" " tag="080"><subfield code="a">537.312.62(043)</subfield></datafield><datafield ind1=" " ind2=" " tag="100"><subfield code="a">Girard, Pierre-jean</subfield></datafield><datafield ind1=" " ind2=" " tag="245"><subfield code="a">Etude physique et chimique d=alliages supraconducteurs:alliages vanadium-gallium alliages ternaires, alliage niobium-etain. these</subfield></datafield><datafield ind1=" " ind2=" " tag="260"><subfield code="a">Clermont-ferrand, Universite, 1970. 111 P</subfield></datafield><datafield ind1=" " ind2=" " tag="852"><subfield code="a">77092</subfield></datafield></record></collection>